%% see https://gitlab.ueda.info.waseda.ac.jp/latex-samples/bibtex

@book{handbook,
  author    = {Lunze, J.},
  title     = {Handbook of Hybrid Systems Control: Theory, Tools, Applications.},
  publisher = {Cambridge University Press},
  address   = {Cambridge},
  year      = {2009}
}

@inproceedings{ha,
  author    = {Henzinger, T. A.},
  title     = {The Theory of Hybrid Automata},
  booktitle = {LICS 1996},
  year      = {1996},
  pages     = {278--292},
  publisher = {IEEE Computer Society}
}

@inproceedings{HCC,
  author    = {Gupta, Vineet and Jagadeesan, Radha and Saraswat, Vijay and Bobrow, Daniel G.},
  editor    = {Antsaklis, Panos and Kohn, Wolf and Nerode, Anil and Sastry, Shankar},
  title     = {Programming in hybrid constraint languages},
  booktitle = {Hybrid Systems II},
  year      = {1995},
  publisher = {Springer},
  pages     = {226--251},
  isbn      = {978-3-540-47519-4}
}

@article{hirose,
  title     = {制約階層によるハイブリッドシステムのモデリング手法},
  author    = {廣瀬 賢一 and 大谷 順司 and 石井 大輔 and 細部 博史 and 上田 和紀},
  journal   = {日本ソフトウェア科学会大会論文集},
  issn      = {0913-5391},
  publisher = {日本ソフトウェア科学会},
  year      = {2009},
  month     = {sep},
  volume    = {26},
  number    = {},
  pages     = {275-284},
  url       = {https://ci.nii.ac.jp/naid/40022028084/},
  doi       = {}
}

@book{chrbook,
  author    = {Frühwirth, T.},
  title     = {Constraint Handling Rules},
  publisher = {Cambridge University Press},
  address   = {},
  year      = {2009}
}

@book{chrbook2,
  author    = {Frühwirth, T. and Raiser, F},
  title     = {Constraint Handling Rules: Compilation, Execution, and Analysis},
  publisher = {Books On Demand GmbH},
  year      = {2011}

}

@article{lmntal,
  title={言語モデル{LMNtal}},
  author={上田 和紀 and 加藤 紀夫},
  journal={コンピュータ ソフトウェア},
  volume={21},
  number={2},
  pages={126-142},
  year={2004},
  doi={10.11309/jssst.21.126}
}


@article{ueda,
  title     = {階層グラフ書換えモデルに基づく統合プログラミング言語{LMNtal}},
  author    = {乾 敦行 and 工藤 晋太郎 and 原 耕司 and 水野 謙 and 加藤 紀夫 and 上田 和紀},
  journal   = {コンピュータ ソフトウェア},
  issn      = {0289-6540},
  publisher = {日本ソフトウェア科学会},
  year      = {2008},
  month     = {Jan},
  volume    = {25},
  number    = {1},
  pages={1\_124-1\_150},
  doi       = {https://doi.org/10.11309/jssst.25.1_124}
}

@mastersthesis{nakata,
  title  = {グラフ書き換え言語{LMNtal}における非連結サブパターンマッチング高速化手法},
  author = {中田 昌輝},
  school = {早稲田大学基幹理工学部情報理工学科},
  type   = {卒業論文},
  year   = {2021}
}

@mastersthesis{ogawaB,
  title  = {{LMNtal}実行時処理系{SLIM}へのuniq制約の導入},
  author = {小川 誠司},
  school = {早稲田大学理工学部コンピュータ・ネットワーク工学科},
  type   = {卒業論文},
  year   = {2009}
}

@mastersthesis{yanagawaB,
  title  = {グラフ書き換え言語{LMNtal}の実行時処理系{SLIM}における制約付き部分グラフの高速化},
  author = {柳川 崚広},
  school = {早稲田大学基幹理工学部情報理工学科},
  type   = {卒業論文},
  year   = {2017}
}

@mastersthesis{yanagawaM,
  title  = {グラフ書換え言語{LMNtal}の索引付けと動的なパターンマッチングによる高速化},
  author = {柳川崚広},
  school = {早稲田大学基幹理工学研究科情報理工・情報通信専攻},
  type   = {修士論文},
  year   = {2019}
}

@mastersthesis{yamamotoB,
  title  = {グラフ書換え言語における静的型体系{LMNtal ShapeType}の再定式化と拡張},
  author = {山本 直輝},
  school = {早稲田大学基幹理工学部情報理工学科},
  type   = {卒業論文},
  year   = {2019}
}

@article{slim,
  title={軽量な{LMNtal}実行時処理系{SLIM}の設計と実装},
  author={石川力 and 堀泰祐 and 村山敬 and 岡部亮 and 上田和紀},
  journal={情報処理学会第70回全国大会講演論文集},
  pages={153-154},
  year={2008}
}



